@article{liu-layland,
  title={Scheduling algorithms for multiprogramming in a hard-real-time environment},
  author={Liu, Chung Laung and Layland, James W},
  journal={Journal of the ACM (JACM},
  volume={20},
  number={1},
  pages={46--61},
  year={1973},
  publisher={ACM New York, NY, USA}
}

@book{oualline-cpp,
  title={Practical C++ programming},
  author={Oualline, Steve},
  year={2003},
  publisher={" O'Reilly Media, Inc."}
}

@article{make,
  title={GNU make},
  author={Stallman, Richard M and McGrath, Roland and Smith, Paul},
  journal={Free Software Foundation, Boston},
  year={1988},
  publisher={Citeseer}
}
